<?xml version="1.0" encoding="UTF-8"?><collection xmlns="http://www.loc.gov/MARC21/slim"><record><leader>00556nam--2200229-u-4500</leader><controlfield tag="001">000050326</controlfield><controlfield tag="002">20161230</controlfield><controlfield tag="003">1275</controlfield><controlfield tag="005">20161230201048</controlfield><controlfield tag="008">060601s1000------------r-----000-0-eng-d</controlfield><datafield ind1=" " ind2=" " tag="040"><subfield code="a">IFIN-HH</subfield></datafield><datafield ind1=" " ind2=" " tag="041"><subfield code="a">eng</subfield></datafield><datafield ind1=" " ind2=" " tag="080"><subfield code="a">51:62</subfield></datafield><datafield ind1="1" ind2=" " tag="100"><subfield code="a">Schelkunoff, S.A</subfield></datafield><datafield ind1="1" ind2=" " tag="245"><subfield code="a">Applied mathematics for engineers and scientists</subfield></datafield><datafield ind1=" " ind2=" " tag="250"><subfield code="a">Second Printing</subfield></datafield><datafield ind1=" " ind2=" " tag="260"><subfield code="a">Toronto</subfield><subfield code="b">D.Van Nostrand Company,Inc</subfield><subfield code="c">1951</subfield></datafield><datafield ind1=" " ind2=" " tag="300"><subfield code="a">472 p</subfield></datafield><datafield ind1=" " ind2="4" tag="650"><subfield code="a">Applied Mathematics</subfield></datafield><datafield ind1="1" ind2="2" tag="852"><subfield code="a">1275</subfield></datafield><datafield ind1=" " ind2=" " tag="852"><subfield code="a">51</subfield></datafield><datafield ind1=" " ind2=" " tag="CAT"><subfield code="a">Sys</subfield><subfield code="c">20060601</subfield><subfield code="h">095838</subfield></datafield></record></collection>